% Encoding: UTF-8

@inproceedings{taint01,
  title={Detecting Format String Vulnerabilities with Type Qualifiers.},
  author={Shankar, Umesh and Talwar, Kunal and Foster, Jeffrey S and Wagner, David},
  year={2001}
}

@inproceedings{taint02,
  title={Lazy abstraction},
  author={Henzinger, Thomas A and Jhala, Ranjit and Majumdar, Rupak and Sutre, Gr{\'e}goire},
  booktitle={ACM SIGPLAN Notices},
  volume={37},
  number={1},
  pages={58--70},
  year={2002},
  organization={ACM}
}

@article{symbExec,
  title={Symbolic execution and program testing},
  author={King, James C},
  journal={Communications of the ACM},
  volume={19},
  number={7},
  pages={385--394},
  year={1976},
  publisher={ACM}
}

@comment{jabref-meta: selector_publisher:}

@comment{jabref-meta: selector_author:}

@comment{jabref-meta: selector_journal:}

@comment{jabref-meta: selector_keywords:}

